@article{kireyev2021infinite,
	title={Infinite but Rare: Valuation and Pricing in Marketplaces for Blockchain-Based Nonfungible Tokens},
	author={Kireyev, Pavel and Lin, Ruiqi},
	year={2021},
	publisher={INSEAD Working Paper}
}
@article{ante2021non,
	title={Non-fungible token (NFT) markets on the Ethereum blockchain: Temporal development, cointegration and interrelations},
	author={Ante, Lennart},
	journal={Available at SSRN 3904683},
	year={2021}
}
@article{nadini2021mapping,
	title={Mapping the NFT revolution: market trends, trade networks and visual features},
	author={Nadini, Matthieu and Alessandretti, Laura and Di Giacinto, Flavio and Martino, Mauro and Aiello, Luca Maria and Baronchelli, Andrea},
	journal={arXiv preprint arXiv:2106.00647},
	year={2021}
}
@misc{ContributorstoWikimediaprojects2022Jan,
	author = {{Contributors to Wikimedia projects}},
	title = {{Generalized linear model - Wikipedia}},
	year = {2022},
	month = {Jan},
	note = {[Online; accessed 27. Jan. 2022]},
	url = {https://en.wikipedia.org/w/index.php?title=Generalized_linear_model&oldid=1063133923}
}
@article{Dowling2022Jan,
	author = {Dowling, Michael},
	title = {{Fertile LAND: Pricing non-fungible tokens}},
	journal = {Finance Research Letters},
	volume = {44},
	pages = {102096},
	year = {2022},
	month = {Jan},
	issn = {1544-6123},
	publisher = {Elsevier},
	doi = {10.1016/j.frl.2021.102096}
}
@misc{CryptoKitties2022Jan,
	author = {{CryptoKitties}},
	title = {{CryptoKitties {$\vert$} Collect and breed digital cats!}},
	journal = {CryptoKitties},
	year = {2022},
	month = {Jan},
	note = {[Online; accessed 27. Jan. 2022]},
	url = {https://www.cryptokitties.co}
}
@misc{CryptoPunks,
	title = {{CryptoPunks}},
	year = {2022},
	month = {Jan},
	note = {[Online; accessed 27. Jan. 2022]},
	url = {https://www.larvalabs.com/cryptopunks}
}
@article{wang2021non,
	title={Non-fungible token (NFT): Overview, evaluation, opportunities and challenges},
	author={Wang, Qin and Li, Rujia and Wang, Qi and Chen, Shiping},
	journal={arXiv preprint arXiv:2105.07447},
	year={2021}
}
@article{Fintech2021, 
	title={Recent Development in Fintech: Non-Fungible Token}, 
	volume={1}, 
	ISSN={2674-1032},
	 DOI={10.3390/fintech1010003}, 
	 number={1}, 
	 journal={FinTech}, 
	 publisher={FinTech}, 
	 author={Bao, Hong and Roubaud, David},
	  year={2021},
	   pages={44–46}}
@inproceedings{starkeypoint2008,
	title={Censure: Center surround extremas for realtime feature detection and matching},
	author={Agrawal, Motilal and Konolige, Kurt and Blas, Morten Rufus},
	booktitle={European conference on computer vision},
	pages={102--115},
	year={2008},
	organization={Springer}
}
@misc{opencv2022Jan,
	author = {opencv},
	title = {Haarcascades},
	journal = {GitHub},
	year = {2022},
	month = {Jan},
	note = {[Online; accessed 27. Jan. 2022]},
	url = {https://github.com/opencv/opencv/tree/4.x/data/haarcascades}
}

@misc{哈里斯角点,
	title = {{OpenCV: Harris Corner Detection}},
	year = {2022},
	month = {Jan},
	note = {[Online; accessed 27. Jan. 2022]},
	url = {https://docs.opencv.org/4.x/dc/d0d/tutorial_py_features_harris.html}
}
@article{Resnet50,
	author = {He, Kaiming and Zhang, Xiangyu and Ren, Shaoqing and Sun, Jian},
	title = {{Deep Residual Learning for Image Recognition}},
	journal = {arXiv},
	year = {2015},
	month = {Dec},
	eprint = {1512.03385},
	url = {https://arxiv.org/abs/1512.03385v1}
}
@misc{wikiNFT,
author = {{Contributors to Wikimedia projects}},
title = {{Non-fungible token - Wikipedia}},
year = {2022},
month = {Jan},
note = {[Online; accessed 26. Jan. 2022]},
url = {https://en.wikipedia.org/w/index.php?title=Non-fungible_token&oldid=1067973738}
}

@article{两页NFT价格预测,
	title={NFT Sales Price Prediction Using Visual Feature Extraction},
	author={Uygun, Yasin and Oruc, M Furkan and Sefer, Emre}
}