@misc{rozemberczki2020characteristic,
      title={Characteristic Functions on Graphs: Birds of a Feather, from Statistical Descriptors to Parametric Models},
      author={Benedek Rozemberczki and Rik Sarkar},
      year={2020},
      eprint={2005.07959},
      archivePrefix={arXiv},
      primaryClass={cs.LG}
}

@misc{ContributorstoWikimediaprojects2022Jun,
	author = {{Contributors to Wikimedia projects}},
	title = {{Last.fm - Wikipedia}},
	year = {2022},
	month = jun,
	note = {[Online; accessed 22. Jun. 2022]},
	url = {https://en.wikipedia.org/w/index.php?title=Last.fm&oldid=1093250525}
}
@misc{Tolkien,
	title = {{J.R.R. xn--3etr9lz38b - xn--fiqu2vpnigrd415bfu9a - xn--wiki-4l1ir58b}},
	year = {2022},
	month = may,
	note = {[Online; accessed 23. Jun. 2022]},
	url = {https://lotr.huijiwiki.com/wiki/J.R.R._%E6%89%98%E5%B0%94%E9%87%91}
}